<record xmlns="http://www.loc.gov/MARC21/slim" xmlns:xsi="http://www.w3.org/2001/XMLSchema-instance" xsi:schemaLocation="http://www.loc.gov/MARC21/slim http://www.loc.gov/standards/marcxml/schema/MARC21slim.xsd">

  <leader>00584nam a2200169Ia 4500</leader>
  <datafield ind1=" " tag="999" ind2=" ">
    <subfield code="c">344</subfield>
    <subfield code="d">344</subfield>
  </datafield>
  <controlfield tag="008">160204b1990    cr ||||| |||| 00| | spa d</controlfield>
  <datafield ind1=" " ind2=" " tag="020">
    <subfield code="a">950701215X</subfield>
  </datafield>
  <datafield ind1=" " tag="090" ind2=" ">
    <subfield code="a">05.01.01 </subfield>
    <subfield code="b">1705</subfield>
  </datafield>
  <datafield ind1="1" ind2=" " tag="100">
    <subfield code="a">Moll Luis C.</subfield>
    <subfield code="9">1412</subfield>
  </datafield>
  <datafield ind2="0" tag="245" ind1="1">
    <subfield code="a">Vygotsky y la educacion: connotaciones y aplicaciones de la psicología sociohistórica en la educación / </subfield>
    <subfield code="c">Luis C. Moll (compilador)</subfield>
  </datafield>
  <datafield ind1=" " tag="250" ind2=" ">
    <subfield code="a">2da edición</subfield>
  </datafield>
  <datafield tag="260" ind2=" " ind1=" ">
    <subfield code="a">Argentina : </subfield>
    <subfield code="b">Aique Grupo Editor, </subfield>
    <subfield code="c">1990</subfield>
  </datafield>
  <datafield tag="300" ind2=" " ind1=" ">
    <subfield code="a">487 páginas</subfield>
  </datafield>
  <datafield ind2="4" tag="600" ind1="1">
    <subfield code="9">906</subfield>
    <subfield code="a">VYGOTSKY, LEV SEMIONOVICH </subfield>
  </datafield>
  <datafield ind2="4" tag="650" ind1="1">
    <subfield code="a">PSICOLOGÍA DE LA EDUCACIÓN</subfield>
    <subfield code="9">625</subfield>
  </datafield>
  <datafield ind1=" " ind2=" " tag="942">
    <subfield code="2">z</subfield>
    <subfield code="c">01</subfield>
  </datafield>
</record>